%bib

@article{floyd1993random,
  title={Random early detection gateways for congestion avoidance},
  author={Floyd, Sally and Jacobson, Van},
  journal={IEEE/ACM Transactions on networking},
  volume={1},
  number={4},
  pages={397--413},
  year={1993},
  publisher={IEEE}
}

@article{chen2011self,
  title={Self-tuning random early detection algorithm to improve performance of network transmission},
  author={Chen, Jianyong and Hu, Cunying and Ji, Zhen},
  journal={Mathematical Problems in Engineering},
  volume={2011},
  year={2011},
  publisher={Hindawi}
}

@inproceedings{feng1999self,
  title={A self-configuring RED gateway},
  author={Feng, W-C and Kandlur, Dilip D and Saha, Debanjan and Shin, Kang G},
  booktitle={Proceedings of INFOCOM},
  pages={1320--1328},
  year={1999},
  organization={IEEE}
}

@inproceedings{zhani2007alpha_,
  title={$\alpha$\_ SNFAQM: an active queue management mechanism using neurofuzzy prediction},
  author={Zhani, Mohamed Faten and Elbiaze, Halima and Kamoun, Farouk},
  booktitle={Computers and Communications, 2007. ISCC 2007. 12th IEEE Symposium on},
  pages={381--386},
  year={2007},
  organization={IEEE}
}

@article{masoumzadeh2011fql,
  title={FQL-RED: an adaptive scalable schema for active queue management},
  author={Masoumzadeh, Seyed Saeid and Meshgi, Kourosh and Ghidari, Saeid Shiry and Taghizadeh, Gelareh},
  journal={International Journal of Network Management},
  volume={21},
  number={2},
  pages={147--167},
  year={2011},
  publisher={Wiley Online Library}
}
@article{misra2010random,
  title={Random early detection for congestion avoidance in wired networks: a discretized pursuit learning-automata-like solution},
  author={Misra, Sudip and Oommen, B John and Yanamandra, Sreekeerthy and Obaidat, Mohammad S},
  year={2010},
  publisher={IEEE}
}

@article{jacobson1999red,
  title={RED in a Different Light},
  author={Jacobson, Van and Nichols, K and Poduri, K and others},
  journal={Draft, Cisco Systems},
  year={1999},
  publisher={Citeseer}
}

@misc{grotto,
  title = {Basic Network Simulations and Beyond in Python},
  howpublished = {\url{https://www.grotto-networking.com/DiscreteEventPython.html}},
  note = {Accessed: 2018-12-07}
}



